@book{lamport1994latex,
  title={LATEX: a document preparation system: user's guide and reference manual},
  author={Lamport, Leslie},
  year={1994},
  publisher={Addison-wesley}
}

@book{Thrun:2005:PR:1121596,
 author = {Thrun, Sebastian and Burgard, Wolfram and Fox, Dieter},
 title = {Probabilistic Robotics (Intelligent Robotics and Autonomous Agents)},
 year = {2005},
 isbn = {0262201623},
 publisher = {The MIT Press},
} 

@conference {288,
	title = {ROS: an open-source Robot Operating System},
	booktitle = {ICRA Workshop on Open Source Software},
	year = {2009},
	attachments = {http://www.willowgarage.com/sites/default/files/icraoss09-ROS.pdf},
	author = {Morgan Quigley and Ken Conley and Brian P. Gerkey and Josh Faust and Tully Foote and Jeremy Leibs and Rob Wheeler and Andrew Y. Ng},
}